@ONLINE{
FOA,
author = {The Fiber Optic Association, Inc.},
title = {Optical Time Domain Reflectometer (OTDR)},
url = {http://www.thefoa.org/tech/ref/testing/OTDR/OTDR.html}
}

@ONLINE{
	OTDR_LAB,
	author = {Attila ZÃ³lomy},
	title = {OTDR - Optical Time Domain Reflectometer},
	url = {http://alpha.tmit.bme.hu/meresek/otdr_eng.pdf},
	year = {1997}
}
@ONLINE{
	M_LIVRE,
	title = {OTDR - Optical Time Domain Reflectometer},
	url = {https://lista.mercadolivre.com.br/otdr_ItemTypeID_N},
	date = 2018,
	month = nov,
	day = 30
}

